@inproceedings{AutoRec,
	Address = {New York, NY, USA},
	Author = {Sedhain, Suvash and Menon, Aditya Krishna and Sanner, Scott and Xie, Lexing},
	Booktitle = {Proceedings of the 24th International Conference on World Wide Web},
	Doi = {10.1145/2740908.2742726},
	Isbn = {9781450334730},
	Keywords = {recommender systems, collaborative filtering, autoencoders},
	Location = {Florence, Italy},
	Numpages = {2},
	Pages = {111--112},
	Publisher = {Association for Computing Machinery},
	Series = {WWW '15 Companion},
	Title = {AutoRec: Autoencoders Meet Collaborative Filtering},
	Url = {https://doi.org/10.1145/2740908.2742726},
	Year = {2015},
	Bdsk-Url-1 = {https://doi.org/10.1145/2740908.2742726}}

@book{RecSystems,
author = {Aggarwal, Charu C.},
title = {Recommender Systems: The Textbook},
year = {2016},
isbn = {3319296574},
publisher = {Springer Publishing Company, Incorporated},
edition = {1st}
}

@inproceedings{MPMA,
author = {Chen, Chao and Li, Dongsheng and Lv, Qin and Yan, Junchi and Chu, Stephen M. and Shang, Li},
title = {MPMA: Mixture Probabilistic Matrix Approximation for Collaborative Filtering},
year = {2016},
isbn = {9781577357704},
publisher = {AAAI Press},
booktitle = {Proceedings of the Twenty-Fifth International Joint Conference on Artificial Intelligence},
pages = {1382–1388},
numpages = {7},
location = {New York, New York, USA},
series = {IJCAI’16}
}

@Misc{Surprise,
author =   {Hug, Nicolas},
title =    { {S}urprise, a {P}ython library for recommender systems},
howpublished = {\url{http://surpriselib.com}},
year = {2017}
}

@ARTICLE{koren,  
author={Y. {Koren} and R. {Bell} and C. {Volinsky}},  journal={Computer},   title={Matrix Factorization Techniques for Recommender Systems},   year={2009},  volume={42},  number={8},  pages={30-37}}

@inproceedings{SVDpp,
  author    = {Yehuda Koren},
  editor    = {Ying Li and
               Bing Liu and
               Sunita Sarawagi},
  title     = {Factorization meets the neighborhood: a multifaceted collaborative
               filtering model},
  booktitle = {Proceedings of the 14th {ACM} {SIGKDD} International Conference on
               Knowledge Discovery and Data Mining, Las Vegas, Nevada, USA, August
               24-27, 2008},
  pages     = {426--434},
  publisher = {{ACM}},
  year      = {2008},
  url       = {https://doi.org/10.1145/1401890.1401944},
  doi       = {10.1145/1401890.1401944},
  timestamp = {Tue, 06 Nov 2018 16:59:36 +0100},
  biburl    = {https://dblp.org/rec/conf/kdd/Koren08.bib},
  bibsource = {dblp computer science bibliography, https://dblp.org}
}

@book{RSH,
author = {Ricci, Francesco and Rokach, Lior and Shapira, Bracha and Kantor, Paul B.},
title = {Recommender Systems Handbook},
year = {2010},
isbn = {0387858199},
publisher = {Springer-Verlag},
address = {Berlin, Heidelberg},
edition = {1st}
}
  
@ARTICLE{NMF,  
author={X. {Luo} and M. {Zhou} and Y. {Xia} and Q. {Zhu}},  
journal={IEEE Transactions on Industrial Informatics},   
title={An Efficient Non-Negative Matrix-Factorization-Based Approach to Collaborative Filtering for Recommender Systems},   
year={2014},  
volume={10},  
number={2},  
pages={1273-1284},}

@ARTICLE{SlopeOne,
	author    = {Daniel Lemire and Anna Maclachlan},
  title     = {Slope One Predictors for Online Rating-Based Collaborative Filtering},
  journal   = {},
  year      = {2007},
  url       = {http://arxiv.org/abs/cs/0702144},
}

@misc{FastAI,
  title={fastai},
  author={Howard, Jeremy and others},
  year={2018},
  publisher={GitHub},
  howpublished={\url{https://github.com/fastai/fastai}},
}

@article{FASTAIPaper,
author = {Howard, Jeremy and Gugger, Sylvain},
year = {2020},
month = {02},
pages = {108},
title = {Fastai: A Layered API for Deep Learning},
volume = {11},
journal = {Information},
doi = {10.3390/info11020108}
}

@article{sklearn,
 title={Scikit-learn: Machine Learning in {P}ython},
 author={Pedregosa, F. and Varoquaux, G. and Gramfort, A. and Michel, V.
         and Thirion, B. and Grisel, O. and Blondel, M. and Prettenhofer, P.
         and Weiss, R. and Dubourg, V. and Vanderplas, J. and Passos, A. and
         Cournapeau, D. and Brucher, M. and Perrot, M. and Duchesnay, E.},
 journal={Journal of Machine Learning Research},
 volume={12},
 pages={2825--2830},
 year={2011}
}
